% Encoding: UTF-8
@article{oristaglio1984diffusion,
  title={Diffusion of electromagnetic fields into a two-dimensional earth: A finite-difference approach},
  author={Oristaglio, Michael L and Hohmann, Gerald W},
  journal={Geophysics},
  volume={49},
  number={7},
  pages={870--894},
  year={1984},
  publisher={Society of Exploration Geophysicists}
}

@Comment{jabref-meta: databaseType:bibtex;}
