%% This BibTeX bibliography file was created using BibDesk.
%% http://bibdesk.sourceforge.net/

%% Created for diego X at 2018-05-16 11:53:08 +0200 


%% Saved with string encoding Unicode (UTF-8) 


@preamble{"\newcommand{\SortNoop}[1]{}"}



@phdthesis{van2012interferometric,
	Author = {Van der Neut, Joost Rutger},
	Date-Added = {2018-05-16 09:53:07 +0000},
	Date-Modified = {2018-05-16 09:53:07 +0000},
	School = {TU Delft, Delft University of Technology},
	Title = {Interferometric redatuming by multidimensional deconvolution},
	Year = {2012}}
