%% This BibTeX bibliography file was created using BibDesk.
%% http://bibdesk.sourceforge.net/

%% Created for diego X at 2021-02-05 09:49:52 -0700 


%% Saved with string encoding Unicode (UTF-8) 


@preamble{"\newcommand{\SortNoop}[1]{}"}



@article{groos2017application,
	author = {Groos, Lisa and Sch{\"a}fer, Martin and Forbriger, Thomas and Bohlen, Thomas},
	date-added = {2021-02-05 09:49:51 -0700},
	date-modified = {2021-02-05 09:49:51 -0700},
	journal = {Geophysics},
	number = {2},
	pages = {R109--R117},
	publisher = {GeoScienceWorld},
	title = {Application of a complete workflow for 2D elastic full-waveform inversion to recorded shallow-seismic Rayleigh wavesWorkflow for FWI of Rayleigh waves},
	volume = {82},
	year = {2017}}

@article{carcione1995acoustic,
	author = {Carcione, Jos{\'e}M and Cavallini, Fabio},
	date-added = {2021-02-03 17:00:37 -0700},
	date-modified = {2021-02-03 17:00:37 -0700},
	journal = {Wave motion},
	number = {2},
	pages = {149--162},
	publisher = {Elsevier},
	title = {On the acoustic-electromagnetic analogy},
	volume = {21},
	year = {1995}}
