%% This BibTeX bibliography file was created using BibDesk.
%% http://bibdesk.sourceforge.net/

%% Created for diego X at 2018-04-25 10:45:55 +0200 


%% Saved with string encoding Unicode (UTF-8) 


@preamble{"\newcommand{\SortNoop}[1]{}"}



@article{pidlisecky2008fw2_5d,
	Author = {Pidlisecky, Adam and Knight, Rosemary},
	Date-Added = {2018-04-25 08:45:52 +0000},
	Date-Modified = {2018-04-25 08:45:52 +0000},
	Journal = {Computers \& Geosciences},
	Number = {12},
	Pages = {1645--1654},
	Publisher = {Elsevier},
	Title = {FW2\_5D: A MATLAB 2.5-D electrical resistivity modeling code},
	Volume = {34},
	Year = {2008}}
