%% This BibTeX bibliography file was created using BibDesk.
%% http://bibdesk.sourceforge.net/

%% Created for diego X at 2018-05-07 17:14:57 +0200 


%% Saved with string encoding Unicode (UTF-8) 


@preamble{"\newcommand{\SortNoop}[1]{}"}



@article{wang2015frequencies,
	Author = {Wang, Yanghua},
	Date-Added = {2018-05-07 15:14:55 +0000},
	Date-Modified = {2018-05-07 15:14:55 +0000},
	Journal = {Geophysics},
	Number = {2},
	Pages = {A31--A37},
	Publisher = {Society of Exploration Geophysicists},
	Title = {Frequencies of the Ricker wavelet},
	Volume = {80},
	Year = {2015}}

@article{pratt1999seismic,
	Author = {Pratt, R Gerhard},
	Date-Added = {2018-04-16 11:22:11 +0000},
	Date-Modified = {2018-04-16 11:22:11 +0000},
	Journal = {Geophysics},
	Number = {3},
	Pages = {888--901},
	Publisher = {Society of Exploration Geophysicists},
	Title = {Seismic waveform inversion in the frequency domain, Part 1: Theory and verification in a physical scale model},
	Volume = {64},
	Year = {1999}}

@article{ernst2007application,
	Author = {Ernst, Jacques R and Green, Alan G and Maurer, Hansruedi and Holliger, Klaus},
	Date-Added = {2018-04-16 11:18:40 +0000},
	Date-Modified = {2018-04-16 11:18:40 +0000},
	Journal = {Geophysics},
	Number = {5},
	Pages = {J53--J64},
	Publisher = {Society of Exploration Geophysicists},
	Title = {Application of a new 2D time-domain full-waveform inversion scheme to crosshole radar data},
	Volume = {72},
	Year = {2007}}

@article{bleistein1986two,
	Author = {Bleistein, Norman},
	Date-Added = {2018-04-16 11:17:32 +0000},
	Date-Modified = {2018-04-16 11:17:32 +0000},
	Journal = {Geophysical Prospecting},
	Number = {5},
	Pages = {686--703},
	Title = {Two-and-one-half dimensional in-plane wave propagation},
	Volume = {34},
	Year = {1986}}
